<?xml version="1.0" encoding="UTF-8"?><collection xmlns="http://www.loc.gov/MARC21/slim"><record><leader>00496nam--2200193-u-4500</leader><controlfield tag="001">000054658</controlfield><controlfield tag="002">20161230</controlfield><controlfield tag="005">20170106154126</controlfield><controlfield tag="008">120511s1000------------r-----000-0-rus-d</controlfield><datafield ind1=" " ind2=" " tag="040"><subfield code="a">IFIN-HH</subfield></datafield><datafield ind1=" " ind2=" " tag="041"><subfield code="a">rus</subfield></datafield><datafield ind1=" " ind2=" " tag="080"><subfield code="a">539.144</subfield></datafield><datafield ind1="1" ind2=" " tag="100"><subfield code="a">Djelepoba, B. S</subfield></datafield><datafield ind1="1" ind2="0" tag="245"><subfield code="a">Izucenie vozbujdennih sostoianii iader</subfield><subfield code="c">B.S. Djelepoba, A.V. Yuskova</subfield></datafield><datafield ind1=" " ind2=" " tag="260"><subfield code="a">Alma-Ata</subfield><subfield code="b">Nauka</subfield><subfield code="c">1986</subfield></datafield><datafield ind1=" " ind2=" " tag="300"><subfield code="a">295 p</subfield></datafield><datafield ind1="1" ind2=" " tag="700"><subfield code="a">Yuskova, A. V</subfield></datafield><datafield ind1=" " ind2=" " tag="852"><subfield code="a">73462</subfield><subfield code="c">539.143.43</subfield></datafield><datafield ind1=" " ind2=" " tag="CAT"><subfield code="a">SYS</subfield><subfield code="c">20170106</subfield><subfield code="h">154126</subfield></datafield></record></collection>